
<record>
  <controlfield tag="001">793022</controlfield>
  <datafield tag="024" ind1="7" ind2=" ">
    <subfield code="2">DOI</subfield>
    <subfield code="a">10.1103/PhysRevD.78.071101</subfield>
  </datafield>
  <datafield tag="035" ind1=" " ind2=" ">
    <subfield code="9">arXiv</subfield>
    <subfield code="a">oai:arXiv.org:0808.1838</subfield>
    <subfield code="z">oai:arXiv.org:0808.1838</subfield>
  </datafield>
  <datafield tag="035" ind1=" " ind2=" ">
    <subfield code="9">DESY</subfield>
    <subfield code="z">D08-10490</subfield>
  </datafield>
  <datafield tag="035" ind1=" " ind2=" ">
    <subfield code="9">SPIRESTeX</subfield>
    <subfield code="a">Aubert:2008ai</subfield>
  </datafield>
  <datafield tag="035" ind1=" " ind2=" ">
    <subfield code="a">in2p3-00335768</subfield>
    <subfield code="9">HAL</subfield>
  </datafield>
  <datafield tag="037" ind1=" " ind2=" ">
    <subfield code="9">arXiv</subfield>
    <subfield code="a">arXiv:0808.1838</subfield>
    <subfield code="c">hep-ex</subfield>
  </datafield>
  <datafield tag="037" ind1=" " ind2=" ">
    <subfield code="a">SLAC-PUB-13352</subfield>
  </datafield>
  <datafield tag="037" ind1=" " ind2=" ">
    <subfield code="a">BABAR-PUB-08-032</subfield>
  </datafield>
  <datafield tag="245" ind1=" " ind2=" ">
    <subfield code="a">Measurement of the Branching Fractions of the Radiative Charm Decays D0 ---&gt; anti-K*0 gamma and D0 ---&gt; phi gamma</subfield>
  </datafield>
  <datafield tag="710" ind1=" " ind2=" ">
    <subfield code="g">BaBar</subfield>
  </datafield>
</record>